

@article{bader2014graph,
	Author = {Bader, David and Bulu{\c{c}}, Ayd{\i}n and UCB, Joseph Gonzalez and Kepner, Jeremy and Makson, Tim},
	Date-Added = {2014-12-22 21:05:21 +0000},
	Date-Modified = {2014-12-22 21:05:21 +0000},
	Title = {The Graph BLAS effort and its implications for Exascale},
	Year = {2014}}

@article{wang2011community,
	Author = {Wang, Fei and Li, Tao and Wang, Xin and Zhu, Shenghuo and Ding, Chris},
	Date-Added = {2014-12-22 20:00:47 +0000},
	Date-Modified = {2014-12-22 20:00:47 +0000},
	Journal = {Data Mining and Knowledge Discovery},
	Number = {3},
	Pages = {493--521},
	Publisher = {Springer},
	Title = {Community discovery using nonnegative matrix factorization},
	Volume = {22},
	Year = {2011}}

@article{choovisual,
	Author = {Choo, Jaegul and Drake, Barry L and Park, Haesun},
	Date-Added = {2014-12-22 17:55:38 +0000},
	Date-Modified = {2014-12-22 17:55:38 +0000},
	Title = {Visual Analytics for Interactive Exploration of Large-scale Document Data via Nonnegative Matrix Factorization}}

@inproceedings{schafer1999recommender,
	Author = {Schafer, J Ben and Konstan, Joseph and Riedl, John},
	Booktitle = {Proceedings of the 1st ACM conference on Electronic commerce},
	Date-Added = {2014-12-22 17:53:45 +0000},
	Date-Modified = {2014-12-22 17:53:45 +0000},
	Organization = {ACM},
	Pages = {158--166},
	Title = {Recommender systems in e-commerce},
	Year = {1999}}

@article{fortunato2010community,
	Author = {Fortunato, Santo},
	Date-Added = {2014-12-22 17:52:24 +0000},
	Date-Modified = {2014-12-22 17:52:24 +0000},
	Journal = {Physics Reports},
	Number = {3},
	Pages = {75--174},
	Publisher = {Elsevier},
	Title = {Community detection in graphs},
	Volume = {486},
	Year = {2010}}

@article{LinkPrediction07,
	Author = {David Liben-Nowell and Jon Kleinberg},
	Date-Added = {2014-12-22 14:56:31 +0000},
	Date-Modified = {2014-12-22 14:56:31 +0000},
	Journal = {J. Amer. Soc. Inform. Sci. and Technology},
	Month = {May},
	Number = {7},
	Pages = {1019--1031},
	Title = {The link-prediction problem for social networks},
	Volume = {58},
	Year = {2007}}

@inproceedings{NadakuditiPlantedClique,
	Author = {Raj Rao Nadakuditi},
	Booktitle = {Proc. IEEE Statistical Signal Process. Workshop},
	Date-Added = {2014-12-22 14:56:25 +0000},
	Date-Modified = {2014-12-22 14:56:25 +0000},
	Pages = {129--132},
	Title = {On Hard Limits of Eigen-Analysis Based Planted Clique Detection},
	Year = {2012}}

@unpublished{AriasCastro13,
	Author = {Ery Arias-Castro and Nicolas Verzelen},
	Date-Added = {2014-12-22 14:56:21 +0000},
	Date-Modified = {2014-12-22 14:56:21 +0000},
	Note = {Preprint: arXiv.org:1302.7099},
	Title = {Community Detection in Random Networks},
	Year = {2013}}

@article{WangChenTruss,
	Author = {Jia Wang and James Cheng},
	Date-Added = {2014-12-22 14:56:16 +0000},
	Date-Modified = {2014-12-22 14:56:16 +0000},
	Journal = {Proc. VLDB Endowment},
	Month = {May},
	Number = {9},
	Pages = {812--823},
	Title = {Truss decomposition in massive networks},
	Volume = {5},
	Year = {2012}}

@unpublished{Coppersmith12,
	Author = {Glen A. Coppersmith and Carey E. Priebe},
	Date-Added = {2014-12-22 14:56:13 +0000},
	Date-Modified = {2014-12-22 14:56:13 +0000},
	Note = {Preprint: arXiv.org:1201.4118v1},
	Title = {Vertex Nomination via Content and Context},
	Year = {2012}}

@article{kepner2014achieving,
	Author = {Kepner, Jeremy and Arcand, William and Bestor, David and Bergeron, Bill and Byun, Chansup and Gadepally, Vijay and Hubbell, Matthew and Michaleas, Peter and Mullen, Julie and Prout, Andrew and others},
	Date-Added = {2014-12-14 13:17:21 +0000},
	Date-Modified = {2014-12-14 13:17:50 +0000},
	Journal = {IEEE High Performance Extreme Computing},
	Title = {Achieving 100,000,000 database inserts per second using Accumulo and D4M},
	Year = {2014}}

@article{gadepally2014big,
	Author = {Gadepally, Vijay and Kepner, Jeremy},
	Date-Added = {2014-12-12 22:17:17 +0000},
	Date-Modified = {2014-12-12 22:17:17 +0000},
	Journal = {IEEE High Performance Extreme Computing},
	Title = {Big Data Dimensional Analysis},
	Year = {2014}}

@book{kepner2011graph,
	Author = {Kepner, Jeremy and Gilbert, John},
	Date-Added = {2014-12-12 22:16:23 +0000},
	Date-Modified = {2014-12-12 22:16:23 +0000},
	Publisher = {SIAM},
	Title = {Graph algorithms in the language of linear algebra},
	Volume = {22},
	Year = {2011}}

@inproceedings{kepner2012dynamic,
	Author = {Kepner, Jeremy and Arcand, William and Bergeron, William and Bliss, Nadya and Bond, Robert and Byun, Chansup and Condon, Gary and Gregson, Kenneth and Hubbell, Matthew and Kurz, Jonathan and others},
	Booktitle = {Acoustics, Speech and Signal Processing (ICASSP), 2012 IEEE International Conference on},
	Date-Added = {2014-12-12 22:12:56 +0000},
	Date-Modified = {2014-12-12 22:12:56 +0000},
	Organization = {IEEE},
	Pages = {5349--5352},
	Title = {Dynamic distributed dimensional data model (D4M) database and computation system},
	Year = {2012}}

@inproceedings{kepner2014gabb,
	Author = {Kepner, Jeremy and Gadepally, Vijay},
	Booktitle = {International Parallel \& Distributed Processing Symposium Workshops (IPDPSW), 2014 IEEE International},
	Date-Added = {2014-12-12 22:10:04 +0000},
	Date-Modified = {2014-12-12 22:10:47 +0000},
	Organization = {IEEE},
	Title = {Adjacency Matrices, Incidence Matrices, Database Schemas, and Associative Arrays},
	Year = {2014}}

@article{accumulo,
	Author = {https://accumulo.apache.org/},
	Date-Added = {2014-12-12 22:08:35 +0000},
	Date-Modified = {2014-12-12 22:08:51 +0000},
	Title = {Apache Accumulo}}

@article{graphblas,
	Author = {http://istc-bigdata.org/GraphBlas/},
	Date-Added = {2014-12-12 22:04:38 +0000},
	Date-Modified = {2014-12-12 22:20:47 +0000},
	Title = {The Graph BLAS Forum}}

@article{laney20013d,
	Author = {Laney, Doug},
	Date-Added = {2014-02-19 14:32:38 +0000},
	Date-Modified = {2014-02-19 14:32:38 +0000},
	Journal = {META Group Research Note},
	Title = {3D data management: Controlling data volume, velocity and variety},
	Volume = {6},
	Year = {2001}}

@inproceedings{kepner2013d4m,
	Author = {Kepner, Jeremy and Anderson, Christian and Arcand, William and Bestor, David and Bergeron, Bill and Byun, Chansup and Hubbell, Matthew and Michaleas, Peter and Mullen, Julie and O'Gwynn, David and others},
	Booktitle = {High Performance Extreme Computing Conference (HPEC), 2013 IEEE},
	Date-Added = {2013-12-05 21:30:35 +0000},
	Date-Modified = {2013-12-05 21:30:35 +0000},
	Organization = {IEEE},
	Pages = {1--6},
	Title = {D4M 2.0 schema: A general purpose high performance schema for the Accumulo database},
	Year = {2013}}
